<?xml version="1.0" encoding="UTF-8"?><collection xmlns="http://www.loc.gov/MARC21/slim"><record><leader>00450nam--2200169-i-4500</leader><controlfield tag="001">000047828</controlfield><controlfield tag="002">20161230</controlfield><controlfield tag="005">20161230201046</controlfield><controlfield tag="008">060222s1000------------r-----000-0-eng-d</controlfield><datafield ind1=" " ind2=" " tag="040"><subfield code="a">IFIN-HH</subfield></datafield><datafield ind1=" " ind2=" " tag="080"><subfield code="a">533</subfield></datafield><datafield ind1="1" ind2=" " tag="100"><subfield code="a">Wu, Ta-you</subfield></datafield><datafield ind1="1" ind2="0" tag="245"><subfield code="a">Kinetic equations of gases and plasmas</subfield><subfield code="c">Ta-you wu</subfield></datafield><datafield ind1=" " ind2=" " tag="260"><subfield code="a">Reading, Massachusetts, Addison-wesley Publ.Co., 1966,</subfield></datafield><datafield ind1=" " ind2=" " tag="300"><subfield code="a">VI + 298P</subfield></datafield><datafield ind1=" " ind2=" " tag="852"><subfield code="a">25187</subfield><subfield code="c">533.9</subfield></datafield><datafield ind1=" " ind2=" " tag="CAT"><subfield code="a">Sys</subfield><subfield code="c">20100922</subfield><subfield code="h">130504</subfield></datafield></record></collection>